<record><leader>00000cas a2200000 a 4500</leader><controlfield tag="001">9625339</controlfield><controlfield tag="008">830620d18291831mauwr ne      0    0eng c</controlfield><datafield ind1=" " ind2=" " tag="010"><subfield code="a">sn 83020891 </subfield></datafield><datafield ind1=" " ind2=" " tag="040"><subfield code="a">NPX</subfield><subfield code="b">eng</subfield><subfield code="c">NPX</subfield><subfield code="d">NPU</subfield><subfield code="d">DLC</subfield><subfield code="d">YOX</subfield><subfield code="d">MGN</subfield><subfield code="d">KNP</subfield><subfield code="d">DLC</subfield><subfield code="d">MBN</subfield><subfield code="d">DLC</subfield><subfield code="d">OBN</subfield><subfield code="d">OCL</subfield><subfield code="d">CVF</subfield><subfield code="d">NYS</subfield><subfield code="d">KRTAS</subfield><subfield code="d">OCLCQ</subfield><subfield code="d">OCLCF</subfield><subfield code="d">OCLCO</subfield></datafield><datafield ind1="1" ind2=" " tag="029"><subfield code="a">AU@</subfield><subfield code="b">000020292462</subfield></datafield><datafield ind1=" " ind2=" " tag="042"><subfield code="a">pcc</subfield></datafield><datafield ind1=" " ind2=" " tag="043"><subfield code="a">n-us-ma</subfield></datafield><datafield ind1="0" ind2="0" tag="050"><subfield code="a">Newspaper</subfield></datafield><datafield ind1="0" ind2=" " tag="130"><subfield code="a">Berkshire journal (Lenox, Mass.)</subfield></datafield><datafield ind1="1" ind2="0" tag="245"><subfield code="a">Berkshire journal.</subfield></datafield><datafield ind1=" " ind2=" " tag="260"><subfield code="a">Lenox, Mass. :</subfield><subfield code="b">J.Z. Goodrich,</subfield><subfield code="c">1829-1831.</subfield></datafield><datafield ind1=" " ind2=" " tag="300"><subfield code="a">2 v. ;</subfield><subfield code="c">52 cm.</subfield></datafield><datafield ind1=" " ind2=" " tag="310"><subfield code="a">Weekly</subfield></datafield><datafield ind1="0" ind2=" " tag="362"><subfield code="a">New ser., vol. 1, no. 1 (Sept. 3, 1829)-v. 2, no. 52 (Aug. 25, 1831).</subfield></datafield><datafield ind1=" " ind2=" " tag="530"><subfield code="a">Available on microfilm from Readex Microprint Corp.</subfield></datafield><datafield ind1=" " ind2=" " tag="580"><subfield code="a">Merged with: Argus (Pittsfield, Mass), to form: Journal and Argus (Lenox, Mass.).</subfield></datafield><datafield ind1=" " ind2="0" tag="651"><subfield code="a">Lenox (Mass.)</subfield><subfield code="v">Newspapers.</subfield></datafield><datafield ind1=" " ind2="0" tag="651"><subfield code="a">Berkshire County (Mass.)</subfield><subfield code="v">Newspapers.</subfield></datafield><datafield ind1=" " ind2="7" tag="655"><subfield code="a">Newspapers.</subfield><subfield code="2">fast</subfield><subfield code="0">(OCoLC)fst01423814</subfield></datafield><datafield ind1=" " ind2="7" tag="651"><subfield code="a">Massachusetts</subfield><subfield code="z">Berkshire County.</subfield><subfield code="2">fast</subfield><subfield code="0">(OCoLC)fst01206663</subfield></datafield><datafield ind1=" " ind2="7" tag="651"><subfield code="a">Massachusetts</subfield><subfield code="z">Lenox.</subfield><subfield code="2">fast</subfield><subfield code="0">(OCoLC)fst01216236</subfield></datafield><datafield ind1=" " ind2=" " tag="752"><subfield code="a">United States</subfield><subfield code="b">Massachusetts</subfield><subfield code="c">Berkshire</subfield><subfield code="d">Lenox.</subfield></datafield><datafield ind1="1" ind2=" " tag="776"><subfield code="c">Microfilm</subfield><subfield code="w">(DLC)sn 90024105</subfield><subfield code="w">(OCoLC)21237089</subfield></datafield><datafield ind1="0" ind2="0" tag="780"><subfield code="t">Berkshire star and County Republican</subfield><subfield code="w">(DLC)sn 83020890</subfield><subfield code="w">(OCoLC)9625295</subfield></datafield><datafield ind1="1" ind2="7" tag="785"><subfield code="t">Argus (Pittsfield, Mass.)</subfield><subfield code="w">(DLC)sn 83020885</subfield><subfield code="w">(OCoLC)9625446</subfield></datafield><datafield ind1="1" ind2="7" tag="785"><subfield code="t">Journal and Argus (Lenox, Mass.)</subfield><subfield code="w">(DLC)sn 83020892</subfield><subfield code="w">(OCoLC)9625519</subfield></datafield><datafield ind1=" " ind2=" " tag="938"><subfield code="a">Kirtas Technologies, Inc.</subfield><subfield code="b">KRTS</subfield><subfield code="n">736922</subfield></datafield></record>